
@inbook{fox2009,
	title = {Prospect theory and the brain},
	author = {{Fox}, {Craig R.} and {Poldrack}, {Russell A.}},
	year = {2009},
	date = {2009},
	publisher = {Elsevier Academic Press},
	pages = {145--173},
	doi = {10.1016/B978-0-12-374176-9.00011-7},
	note = {DOI: 10.1016/B978-0-12-374176-9.00011-7},
	address = {San Diego, CA, US}
}

@article{bernoulli1954,
	title = {Exposition of a New Theory on the Measurement of Risk},
	author = {{Bernoulli}, {Daniel}},
	year = {1954},
	date = {1954},
	journal = {Econometrica},
	pages = {23--36},
	volume = {22},
	number = {1},
	doi = {10.2307/1909829},
	url = {https://www.jstor.org/stable/1909829}
}

@book{vonneumann1947,
	title = {Theory of Games and Economic Behavior, 2nd edn.},
	author = {{von Neumann}, {J.} and {Morgenstern, O.}, {}},
	year = {1947},
	date = {1947},
	publisher = {Princeton University Press}
}

@article{allais1953,
	title = {Le Comportement de l'Homme Rationnel devant le Risque: Critique des Postulats et Axiomes de l'Ecole Americaine},
	author = {{Allais}, {M.}},
	year = {1953},
	date = {1953},
	journal = {Econometrica},
	pages = {503--546},
	volume = {21},
	number = {4},
	doi = {10.2307/1907921},
	url = {https://www.jstor.org/stable/1907921}
}


@article{rutledge2014,
	title = {A computational and neural model of momentary subjective well-being},
	author = {{Rutledge}, {Robb B.} and {Skandali}, {Nikolina} and {Dayan}, {Peter} and {Dolan}, {Raymond J.}},
	year = {2014},
	month = {08},
	date = {2014-08-19},
	journal = {Proceedings of the National Academy of Sciences},
	pages = {12252--12257},
	volume = {111},
	number = {33},
	doi = {10.1073/pnas.1407535111},
	url = {https://www.pnas.org/content/111/33/12252},
	note = {Publisher: National Academy of Sciences
Section: Biological Sciences
PMID: 25092308},
	langid = {en}
}

@article{rigoli2016,
	title = {Dopamine Increases a Value-Independent Gambling Propensity},
	author = {{Rigoli}, {Francesco} and {Rutledge}, {Robb B.} and {Chew}, {Benjamin} and {Ousdal}, {Olga T.} and {Dayan}, {Peter} and {Dolan}, {Raymond J.}},
	year = {2016},
	month = {10},
	date = {2016-10},
	journal = {Neuropsychopharmacology},
	pages = {2658--2667},
	volume = {41},
	number = {11},
	doi = {10.1038/npp.2016.68},
	url = {https://www.nature.com/articles/npp201668},
	note = {Number: 11
Publisher: Nature Publishing Group},
	langid = {en}
}

@article{kahneman1979,
	title = {Prospect Theory: An Analysis of Decision under Risk},
	author = {{Kahneman}, {Daniel} and {Tversky}, {Amos}},
	year = {1979},
	month = {03},
	date = {1979-03},
	journal = {Econometrica},
	pages = {263},
	volume = {47},
	number = {2},
	doi = {10.2307/1914185},
	url = {https://www.jstor.org/stable/1914185?origin=crossref},
	langid = {en}
}

@article{tversky,
	title = {Advances in prospect theory: Cumulative representation of uncertainty},
	author = {{Tversky}, {Amos} and {Kahneman}, {Daniel}},
	pages = {27},
	langid = {en}
}

@techreport{bordalo2012,
	title = {Salience and Consumer Choice},
	author = {{Bordalo}, {Pedro} and {Gennaioli}, {Nicola} and {Shleifer}, {Andrei}},
	year = {2012},
	date = {2012}
}

@article{liu2016,
	title = {The neural basis of regret and relief during a sequential risk-taking task},
	author = {{Liu}, {Zhiyuan} and {Li}, {Lin} and {Zheng}, {Li} and {Hu}, {Zengxi} and {Roberts}, {Ian D.} and {Guo}, {Xiuyan} and {Yang}, {Guang}},
	year = {2016},
	month = {07},
	date = {2016-07-07},
	journal = {Neuroscience},
	pages = {136--145},
	volume = {327},
	doi = {10.1016/j.neuroscience.2016.04.018},
	url = {http://www.sciencedirect.com/science/article/pii/S0306452216300835},
	langid = {en}
}

@article{nealj.roese1997,
	title = {Counterfactual Thinking},
	author = {{Neal J. Roese}, {}},
	year = {1997},
	date = {1997},
	journal = {Psychological Bulletin},
	volume = {121}
}

@article{loomes1982,
	title = {Regret Theory: An Alternative Theory of Rational Choice Under Uncertainty},
	author = {{Loomes}, {Graham} and {Sugden}, {Robert}},
	year = {1982},
	date = {1982},
	journal = {The Economic Journal},
	pages = {805--824},
	volume = {92},
	number = {368},
	doi = {10.2307/2232669},
	url = {https://www.jstor.org/stable/2232669},
	note = {Publisher: [Royal Economic Society, Wiley]}
}

@article{chang2017,
	title = {Shiny: web application framework for R},
	author = {{Chang}, {Winston} and {Cheng}, {Joe} and {Allaire}, {J.} and {Xie}, {Yihui} and {McPherson}, {Jonathan}},
	year = {2017},
	date = {2017},
	journal = {R package version},
	volume = {1},
	number = {5}
}

@book{rcoreteam2020,
	title = {R: A language and environment for statistical computing.},
	author = {{R Core Team}, {}},
	year = {2020},
	date = {2020},
	publisher = {R Foundation for Statistical Computing},
	url = {https://www.R-project.org/},
	address = {Vienna, Austria}
}
